@Article{lys,
	author={Kirby, Anthony J.},
	title={The lysozyme mechanism sorted -- after 50 years},
	journal={Nature Structural Biology},
	year={2001},
	month={Sep},
	day={01},
	publisher={Nature Publishing Group SN  -},
	volume={8},
	pages={737 EP  -},
	url={https://doi.org/10.1038/nsb0901-737}
}
