@misc{skriptv12,
	author="Universit√§t Bern",
	title="Bioinformatics",
	year="2019",
	url="https://ilias.unibe.ch/goto_ilias3_unibe_file_1504404_download.html"
}

@misc{website:blastn,
      author = "NCBI",
      title = "Standard Nucleotide {BLAST}",
      month = "May",
      year = "2019",
      url = "https://blast.ncbi.nlm.nih.gov/Blast.cgi?PROGRAM=blastn\&PAGE_TYPE=BlastSearch&LINK_LOC=blasthome"
}

@misc{website:blastp,
      author = "NCBI",
      title = "Standard Protein {BLAST}",
      month = "May",
      year = "2019",
      url = "https://blast.ncbi.nlm.nih.gov/Blast.cgi?PROGRAM=blastp\&PAGE_TYPE=BlastSearch&LINK_LOC=blasthome"
}

@misc{website:expasy,
      title = "ExPASy Translate tool",
      month = "May",
      year = "2019",
      url = "https://web.expasy.org/translate/"
}

@misc{website:uniprot,
      title = "UniProt Knowledge Base",
      month = "May",
      year = "2019",
      url = "https://www.uniprot.org/"
}

@misc{website:uniprot_kras,
      title = "UniProt Knowledge Base, KRAS",
      month = "May",
      year = "2019",
      url = "https://www.uniprot.org/uniprot/P01116"
}

@misc{website:uniprot_tp53,
      title = "UniProt Knowledge Base, TP53",
      month = "May",
      year = "2019",
      url = "https://www.uniprot.org/uniprot/P04637"
}

@misc{wiki:tp53_subunits,
   author = "Wikimedia Commons",
   title = "File:P53 Schematic.tif --- Wikimedia Commons{,} the free media repository",
   year = "2016",
   url = "https://commons.wikimedia.org/w/index.php?title=File:P53_Schematic.tif&oldid=215036827",
   note = "[Online; accessed 14-May-2019]"
}

@misc{website:expasy_brca1,
      title = "UniProt Knowledge Base (ExPASy), BRCA1",
      month = "May",
      year = "2019",
      url = "https://web.expasy.org/variant_pages/VAR_007799.html"
}

@misc{website:uniprot_brca1,
      title = "UniProt Knowledge Base, BRCA1",
      month = "May",
      year = "2019",
      url = "https://www.uniprot.org/uniprot/P38398"
}

@misc{website:uniprot_abl1,
      title = "UniProt Knowledge Base, ABL1",
      month = "May",
      year = "2019",
      url = "https://www.uniprot.org/uniprot/P00519"
}
