@misc{skriptv11,
	author="Universität Bern",
	title="Isolierung und Charakterisierung von Membranlipiden",
	year="2018",
	url="https://ilias.unibe.ch/goto_ilias3_unibe_file_1454586_download.html",
}

@misc{handoutv11,
	author="Jessica Willi",
	organization="Universität Bern",
	title="Handout: Isolierung und Charakterisierung von Membranlipiden",
	year="2017",
	url="https://ilias.unibe.ch/goto_ilias3_unibe_file_1454585_download.html",
}

@misc{ wiki:lburk,
    author = "{Wikipedia contributors}",
    title = "Lineweaver–Burk plot --- {Wikipedia}{,} The Free Encyclopedia",
    year = "2019",
    howpublished = "\url{https://en.wikipedia.org/w/index.php?title=Lineweaver%E2%80%93Burk_plot&oldid=892748348}",
    note = "[Online; accessed 3-June-2019]"
  }
