@Misc{skriptv9,
	author={Universit√§t Bern},
	title={Vers\_09\_2018\_pdf},
	year={2018},
	url={https://ilias.unibe.ch/goto_ilias3_unibe_file_1454610_download.html}
}
