@misc{skriptv10,
	author="Universit√§t Bern",
	title="Transformation des Darmbakteriums Escherichia coli",
	year="2019",
	url="https://ilias.unibe.ch/goto_ilias3_unibe_file_1454625_download.html"
}
