@misc{skriptv3,
	author="Universit√§t Bern",
	title="Real-time quantitative {PCR}",
	year="2019",
	url="https://ilias.unibe.ch/goto_ilias3_unibe_file_1504404_download.html"
}

@misc{website:blast,
      author = "NCBI",
      title = "Standard Nucleotide {BLAST}",
      month = "Mai",
      year = "2019",
      url = "https://blast.ncbi.nlm.nih.gov/Blast.cgi"
}
