@misc{skriptv1,
	author="UniversitÃ¤t Bern",
	title="",
	year="2019",
	url=""
}
